<record><leader>00000cas a22000007a 4500</leader><controlfield tag="001">19856072</controlfield><controlfield tag="008">890612d19001921moucr ne      0    0eng d</controlfield><datafield ind1=" " ind2=" " tag="010"><subfield code="a">sn 89066399 </subfield></datafield><datafield ind1=" " ind2=" " tag="040"><subfield code="a">MQN</subfield><subfield code="b">eng</subfield><subfield code="c">MQN</subfield><subfield code="d">OCLCQ</subfield></datafield><datafield ind1=" " ind2=" " tag="042"><subfield code="a">msc</subfield></datafield><datafield ind1="0" ind2="0" tag="245"><subfield code="a">Twice-a-week democrat.</subfield></datafield><datafield ind1=" " ind2=" " tag="260"><subfield code="a">Caruthersville, Mo. :</subfield><subfield code="b">Gale &amp; Longgrear</subfield></datafield><datafield ind1=" " ind2=" " tag="300"><subfield code="a">v.</subfield></datafield><datafield ind1=" " ind2=" " tag="310"><subfield code="a">Semiweekly</subfield></datafield><datafield ind1="0" ind2=" " tag="362"><subfield code="a">Vol. 32, old ser. no. 13 (Jan. 26, 1900)- = New ser. no. 2-</subfield></datafield><datafield ind1="1" ind2=" " tag="362"><subfield code="a">Ceased in 1921.</subfield></datafield><datafield ind1=" " ind2=" " tag="752"><subfield code="a">United States</subfield><subfield code="b">Missouri</subfield><subfield code="c">Pemiscot</subfield><subfield code="d">Caruthersville.</subfield></datafield><datafield ind1="0" ind2="0" tag="780"><subfield code="t">Democrat (Caruthersville, Mo.)</subfield><subfield code="w">(DLC)sn 89066398</subfield></datafield><datafield ind1="0" ind2="7" tag="785"><subfield code="t">Pemiscot argus</subfield><subfield code="w">(DLC)sn 89066400</subfield></datafield><datafield ind1="0" ind2="7" tag="785"><subfield code="t">Democrat-argus</subfield><subfield code="w">(DLC)sn 89066401</subfield></datafield></record>